@book {sicp,
	author = {Harold Abelson and Gerald Jay Sussman and Julie Sussman},
	title = {Structure and Interpretation of Computer Programs},
	year = {1984},
	isbn = {0-262-51087-1}
}

@online {rockstar,
	author = {Beattie Dylan},
	title = {The Rockstar Language Specification},
	year = {2018},
	url = {https://github.com/RockstarLang/rockstar/blob/main/spec.md},
	urldate = {2022-09-12}
}

@book{antlr-book,
	author         = {Terence Parr},
	publisher      = {Pragmatic Bookshelf},
	title          = {The Definitive ANTLR4 Reference},
	year           = {2013},
	isbn = {978-1-68050-500-9}
}

@software {emscripten,
	title = {Emscripten},
	url = {https://emscripten.org/},
	publisher = {Emscripten Contributors},
	urldate = {2022-09-12},
}

@online {monadic,
	author = {Graham Hutton and Erik Meijer},
	title = {Functional Pearls: Monadic Parsing in Haskell},
	year = {1998},
	url = {https://www.cs.nott.ac.uk/~pszgmh/pearl.pdf},
	urldate = {2023-11-15}
}

@online {crafting,
	author = {Robert Nystrom},
	title = {Crafting Interpreters},
	year = {2015},
	url = {https://craftinginterpreters.com/scanning.html},
	urldate = {2023-11-15}
}

    1. : Structure and Interpretation of Computer Programs. MIT Press, 1984, ISBN 0-262-51087-1
    2. Beattie, D.: The Rockstar Language Specification, (https://github.com/RockstarLang/rockstar/blob/main/spec.md), utoljára megtekintve: 2022. 12. 09.
    3. Bootstrap, History, (https://getbootstrap.com/docs/5.2/about/overview/#history), utoljára megtekintve: 2022. 09. 12.
    4. Emscripten, About Emscripten, (https://emscripten.org/), utoljára megtekintve: 2022. 09. 12.
    5. Emscripten, Portability Guidelines, (https://emscripten.org/docs/porting/guidelines/portability_guidelines.html), utoljára megtekintve: 2022. 09. 12.
    6. Kepser, S.: A Simple Proof for the Turing-Completenessof XSLT and XQuery,(https://www.tcl-sfs.uni-tuebingen.de/~kepser/papers/EML2004Kepser01.pdf), utoljára megtekintve: 2022. 12. 09.
    7. Klabnik, S., Nichols, C.: The Rust Programming Language, (https://doc.rust-lang.org/book), utoljára megtekintve: 2022. 12. 09.
    8. Majda, D.: PEG.js, (https://pegjs.org/), utoljára megtekintve: 2022. 12. 09.
    9. Mastenbroek, F.: brainfuck, (https://github.com/fabianishere/brainfuck), utoljára megtekintve: 2022. 12. 09.
    10. Microsoft, Welcome to TypeScript, (https://www.typescriptlang.org/), utoljára megtekintve: 2022. 12. 09.
    11. Miller, J.: C# in the Browser with Blazor, (https://learn.microsoft.com/en-us/archive/msdn-magazine/2018/september/web-development-csharp-in-the-browser-with-blazor), utoljára megtekintve: 2022. 09. 12.
    12. Nystrom, R.: Crafting Interpreters, (https://craftinginterpreters.com/) utoljára megtekintve: 2022. 12. 09.
    13. Parr, T.: ANTLR, (https://www.antlr.org/), utoljára megtekintve: 2022. 09. 12.
    14. Parr, T.: The Definitive ANTLR 4 Reference. Pragmatic Bookshelf, 2013, ISBN 978-1-68050-500-9
    15. Redziejowski, R. R.: Mouse: From Parsing Expressions to a Practical Parser, (http://romanredz.se/papers/CSP2009.Mouse.pdf), utoljára megtekintve: 2022. 12. 09.
    16. Riley, D. E.: Milestones in computer science and information technology. Greenwood Publishing Group, 2003. ISBN 978-1-57356-521-9
    17. Sergyán, Sz.: Algoritmusok, adatszerkezetek I., (https://users.nik.uni-obuda.hu/sergyan/Programozas1Jegyzet.pdf), utoljára megtekintve: 2022. 12. 08.
    18. Stroustrup, B.: C++ Style and Technique FAQ, (https://www.stroustrup.com/bs_faq2.html), utoljára megtekintve: 2022. 12. 09.
    19. Umrigar, D. Z.: Introduction to Recursive Descent Parsing, (https://www.cs.binghamton.edu/~zdu/parsdemo/recintro.html), utoljára megtekintve: 2022. 09. 12.
    20. WebAssembly Community Group, Introduction – WebAssembly 2020, (https://webassembly.github.io/spec/core/intro/introduction.html#introduction), utoljára megtekintve: 2022. 12. 09.

online{online-example,
	author = {James Tetazoo},
	title = {A brief guide to recreational pyromania},
	url = {http://www.blowinglotsofweirdstuffup.com/guide.html},
	urldate = {2005-06-12},
	date = {2005-06-12}
}

book{book-example,
	author = {L M Napster},
	title = {Mathematical Theory of Efficient Piracy},
	series = {Lecture Notes in Mathematics},
	volume = {3204},
	publisher = {Springer Verlag},
	address = {New York NY},
	year = {1998}
}

phdthesis{thesis-example,
	author = {O P Qwerty},
	title = {History of the Goofy Layout of Keyboards},
	publisher = {Podunk University Arcana Department},
	school = {University of Success},
	address = {Podunk IN},
	year = {1996}
}

inproceedings{conference-example,
	title = {Vision Guided Bin Picking and Mounting in a Flexible Assembly Cell},
	isbn = {978-3-540-67689-8 978-3-540-45049-8},
	url = {https://link.springer.com/chapter/10.1007/3-540-45049-1_14},
	doi = {10.1007/3-540-45049-1_14},
	series = {Lecture Notes in Computer Science},
	year = {2012},
	pages = {109--117},
	booktitle = {Intelligent Problem Solving. Methodologies and Approaches},
	publisher = {Springer, Berlin, Heidelberg},
	author = {Berger, Martin and Bachler, Gernot and Scherer, Stefan}
}

article{journal-example,
	title = {Eye-in-hand vision-based robotic bin-picking with active laser projection},
	volume = {85},
	number = {9},
	year = {2008},
	issn = {0268-3768, 1433-3015},
	url = {https://link.springer.com/article/10.1007/s00170-015-8120-0},
	doi = {10.1007/s00170-015-8120-0},
	pages = {2873--2885},
	journal = {The International Journal of Advanced Manufacturing Technology},
	shortjournal = {Int J Adv Manuf Technol},
	author = {Chang, Wen-Chung and Wu, Chia-Hung},
	urldate = {2018-05-19},
	date = {2016-08-01}
}

incollection{incollection-example,
	title = {Real-Time Obstacle Avoidance for Manipulators and Mobile Robots},
	isbn = {978-1-4613-8999-6 978-1-4613-8997-2},
	url = {https://link.springer.com/chapter/10.1007/978-1-4613-8997-2_29},
	pages = {396--404},
	booktitle = {Autonomous Robot Vehicles},
	publisher = {Springer, New York, {NY}},
	author = {Khatib, Oussama},
	urldate = {2018-05-19},
	date = {1986},
	doi = {10.1007/978-1-4613-8997-2_29}
}

report{report-example,
	title = {Rapidly-Exploring Random Trees: A New Tool for Path Planning},
	shorttitle = {Rapidly-Exploring Random Trees},
	abstract = {We introduce the concept of a Rapidly-exploring Random Tree ({RRT}) as a randomized data structure that is designed for a broad class of path planning problems. While they share many of the beneficial properties of existing randomized planning techniques, {RRTs} are specifically designed to handle nonholonomic constraints (including dynamics) and high degrees of freedom. An {RRT} is iteratively expanded by applying control inputs that drive the system slightly toward randomly-selected points, as opposed to requiring point-to-point convergence, as in the probabilistic roadmap approach. Several desirable properties and a basic implementation of {RRTs} are discussed. To date, we have successfully applied {RRTs} to holonomic, nonholonomic, and kinodynamic planning problems of up to twelve degrees of freedom.},
	author = {Lavalle, Steven M.},
	date = {1998}
}

software{software-example,
	title = {{ROS} Package for {PhoXi} Scanner/Camera. photoneo/phoxi\_camera},
	url = {https://github.com/photoneo/phoxi_camera},
	shorttitle = {{ROS} Package for {PhoXi} Scanner/Camera.},
	publisher = {Photoneo s. r. o.},
	urldate = {2019-05-08},
	date = {2019-03-31},
	note = {original-date: 2016-03-10T05:40:00Z}
}

mastersthesis{mastersthesis-example,
	author = {János Tobik},
	title = {Ipari robotok web-alapú generikus programozása},
	school = {Neumann Faculty of Informatics, Óbuda University},
	year = {2020}
}